@mastersthesis{adilton_2023,
  author = {Adilton Silva},
  school = {Universidade Federal da Bahia},
  title  = {Analisadores Virtuais e Controle Avançado para uma Planta Industrial de Polietileno Linear e Avaliação de seus Benefícios Econômicos},
  url    = {https://repositorio.ufba.br/handle/ri/39146},
  year   = {2023},
}

@misc{augustine_2024,
  archiveprefix = {arXiv},
  author        = {Midhun T Augustine},
  eprint        = {2407.12895},
  primaryclass  = {cs.LG},
  title         = {A Survey on Universal Approximation Theorems},
  url           = {https://arxiv.org/abs/2407.12895},
  year          = {2024},
}

@inproceedings{bacic_2005,
  author    = {Bacic, M.},
  booktitle = {Proceedings of the 44th IEEE Conference on Decision and Control},
  doi       = {10.1109/CDC.2005.1582653},
  keywords  = {Control system synthesis;Uncertainty;System testing;Stability;Context modeling;Predictive models;Hardware;Control systems;Aerospace simulation;Missiles},
  number    = {},
  pages     = {3194-3198},
  title     = {On hardware-in-the-loop simulation},
  volume    = {},
  year      = {2005},
}

@article{elman_1990,
  author  = {Jeffrey L. Elman},
  doi     = {https://doi.org/10.1016/0364-0213(90)90002-E},
  issn    = {0364-0213},
  journal = {Cognitive Science},
  number  = {2},
  pages   = {179-211},
  title   = {Finding structure in time},
  url     = {https://www.sciencedirect.com/science/article/pii/036402139090002E},
  volume  = {14},
  year    = {1990},
}

@book{hughes_2016,
  author    = {Hughes, J M},
  isbn      = {9781491934500},
  month     = May,
  publisher = {“O'Reilly Media, Inc.”},
  title     = {Arduino: A Technical Reference},
  year      = {2016},
}

@article{kadlec_2009,
  author  = {Petr Kadlec and Bogdan Gabrys and Sibylle Strandt},
  doi     = {https://doi.org/10.1016/j.compchemeng.2008.12.012},
  issn    = {0098-1354},
  journal = {Computers \& Chemical Engineering},
  number  = {4},
  pages   = {795-814},
  title   = {Data-driven Soft Sensors in the process industry},
  url     = {https://www.sciencedirect.com/science/article/pii/S0098135409000076},
  volume  = {33},
  year    = {2009},
}

@article{karniadakis_2021,
  author  = {Karniadakis, George Em and Kevrekidis, Ioannis G. and Lu, Lu and Perdikaris, Paris and Wang, Sifan and Yang, Liu},
  doi     = {10.1038/s42254-021-00314-5},
  journal = {Nature Reviews Physics},
  month   = Jun,
  number  = {6},
  title   = {Physics-informed machine learning},
  url     = {https://www.nature.com/articles/s42254-021-00314-5},
  volume  = {3},
  year    = {2021},
}

@misc{kingma_2017,
  archiveprefix = {arXiv},
  author        = {Diederik P. Kingma and Jimmy Ba},
  eprint        = {1412.6980},
  primaryclass  = {cs.LG},
  title         = {Adam: A Method for Stochastic Optimization},
  url           = {https://arxiv.org/abs/1412.6980},
  year          = {2017},
}

@book{margolis_2020,
  author    = {Margolis, Michael and Jepson, Brian and Nicholas Robert Weldin},
  isbn      = {9781491903483},
  month     = Apr,
  publisher = {“O'Reilly Media, Inc.”},
  title     = {Arduino Cookbook},
  year      = {2020},
}

@article{martin_2021,
  author  = {Martin, Dominik and Kühl, Niklas and Satzger, Gerhard},
  doi     = {https://doi.org/10.1007/s12599-021-00689-w},
  journal = {Business \& Information Systems Engineering},
  month   = {Mar},
  number  = {3},
  pages   = {315–323},
  title   = {Virtual Sensors},
  volume  = {63},
  year    = {2021},
}

@article{mienye_2024,
  article-number = {517},
  author         = {Mienye, Ibomoiye Domor and Swart, Theo G. and Obaido, George},
  doi            = {10.3390/info15090517},
  issn           = {2078-2489},
  journal        = {Information},
  number         = {9},
  title          = {Recurrent Neural Networks: A Comprehensive Review of Architectures, Variants, and Applications},
  url            = {https://www.mdpi.com/2078-2489/15/9/517},
  volume         = {15},
  year           = {2024},
}

@article{nicodemus_2022,
  author  = {Jonas Nicodemus and Jonas Kneifl and Jörg Fehr and Benjamin Unger},
  doi     = {https://doi.org/10.1016/j.ifacol.2022.09.117},
  issn    = {2405-8963},
  journal = {IFAC-PapersOnLine},
  note    = {10th Vienna International Conference on Mathematical Modelling MATHMOD 2022},
  number  = {20},
  pages   = {331-336},
  title   = {Physics-informed Neural Networks-based Model Predictive Control for Multi-link Manipulators},
  url     = {https://www.sciencedirect.com/science/article/pii/S2405896322013118},
  volume  = {55},
  year    = {2022},
}

@misc{onnxruntime,
  author       = {{ONNX Runtime developers}},
  howpublished = {\url{https://onnxruntime.ai/}},
  note         = {Version: 1.20.0},
  title        = {ONNX Runtime},
  year         = {2021},
}

@inproceedings{pytorch_2024,
  address   = {New York, NY, USA},
  author    = {Ansel, Jason and Yang, Edward and He, Horace and Gimelshein, Natalia and Jain, Animesh and Voznesensky, Michael and Bao, Bin and Bell, Peter and Berard, David and Burovski, Evgeni and Chauhan, Geeta and Chourdia, Anjali and Constable, Will and Desmaison, Alban and DeVito, Zachary and Ellison, Elias and Feng, Will and Gong, Jiong and Gschwind, Michael and Hirsh, Brian and Huang, Sherlock and Kalambarkar, Kshiteej and Kirsch, Laurent and Lazos, Michael and Lezcano, Mario and Liang, Yanbo and Liang, Jason and Lu, Yinghai and Luk, C. K. and Maher, Bert and Pan, Yunjie and Puhrsch, Christian and Reso, Matthias and Saroufim, Mark and Siraichi, Marcos Yukio and Suk, Helen and Zhang, Shunting and Suo, Michael and Tillet, Phil and Zhao, Xu and Wang, Eikan and Zhou, Keren and Zou, Richard and Wang, Xiaodong and Mathews, Ajit and Wen, William and Chanan, Gregory and Wu, Peng and Chintala, Soumith},
  booktitle = {Proceedings of the 29th ACM International Conference on Architectural Support for Programming Languages and Operating Systems, Volume 2},
  doi       = {10.1145/3620665.3640366},
  isbn      = {9798400703850},
  location  = {La Jolla, CA, USA},
  numpages  = {19},
  pages     = {929–947},
  publisher = {Association for Computing Machinery},
  series    = {ASPLOS '24},
  title     = {PyTorch 2: Faster Machine Learning Through Dynamic Python Bytecode Transformation and Graph Compilation},
  url       = {https://doi.org/10.1145/3620665.3640366},
  year      = {2024},
}

@article{raissi_2017_I,
  author  = {Raissi, Maziar and Perdikaris, Paris and Karniadakis, George Em},
  doi     = {10.48550/arXiv.1711.10561},
  journal = {arXiv preprint arXiv:1711.10561},
  title   = {Physics Informed Deep Learning (Part I): Data-driven Solutions of Nonlinear Partial Differential Equations},
  year    = {2017},
}

@article{raissi_2017_II,
  author  = {Raissi, Maziar and Perdikaris, Paris and Karniadakis, George Em},
  doi     = {10.48550/arXiv.1711.10566},
  journal = {arXiv preprint arXiv:1711.10566},
  title   = {Physics Informed Deep Learning (Part II): Data-driven Discovery of Nonlinear Partial Differential Equations},
  year    = {2017},
}

@article{raissi_2019,
  author    = {Raissi, Maziar and Perdikaris, Paris and Karniadakis, George E},
  doi       = {10.1016/j.jcp.2018.10.045},
  journal   = {Journal of Computational Physics},
  pages     = {686--707},
  publisher = {Elsevier},
  title     = {Physics-informed neural networks: A deep learning framework for solving forward and inverse problems involving nonlinear partial differential equations},
  volume    = {378},
  year      = {2019},
}

@article{santos_2022,
  article-number = {446},
  author         = {Alvarado-Santos, Eduardo and Mata-Machuca, Juan L. and López-Pérez, Pablo A. and Garrido-Moctezuma, Rubén A. and Pérez-Guevara, Fermín and Aguilar-López, Ricardo},
  doi            = {10.3390/fermentation8090446},
  issn           = {2311-5637},
  journal        = {Fermentation},
  number         = {9},
  title          = {Comparative Analysis of a Family of Sliding Mode Observers under Real-Time Conditions for the Monitoring in the Bioethanol Production},
  url            = {https://www.mdpi.com/2311-5637/8/9/446},
  volume         = {8},
  year           = {2022},
}

@article{zheng_2023,
  author  = {Yingzhe Zheng and Cheng Hu and Xiaonan Wang and Zhe Wu},
  doi     = {https://doi.org/10.1016/j.jprocont.2023.103005},
  issn    = {0959-1524},
  journal = {Journal of Process Control},
  pages   = {103005},
  title   = {Physics-informed recurrent neural network modeling for predictive control of nonlinear processes},
  url     = {https://www.sciencedirect.com/science/article/pii/S0959152423000847},
  volume  = {128},
  year    = {2023},
}
